<record><leader>00000cas a2200000 a 4500</leader><controlfield tag="001">15524105</controlfield><controlfield tag="008">870413d188u189utxudn ne      0    0eng d</controlfield><datafield ind1=" " ind2=" " tag="010"><subfield code="a">sn 87055541 </subfield></datafield><datafield ind1=" " ind2=" " tag="040"><subfield code="a">NPI</subfield><subfield code="b">eng</subfield><subfield code="c">NPI</subfield><subfield code="d">CNK</subfield><subfield code="d">NVM</subfield><subfield code="d">OCLCQ</subfield><subfield code="d">IUL</subfield><subfield code="d">OCLCQ</subfield><subfield code="d">OCLCF</subfield><subfield code="d">IUL</subfield></datafield><datafield ind1=" " ind2=" " tag="042"><subfield code="a">msc</subfield></datafield><datafield ind1=" " ind2=" " tag="043"><subfield code="a">n-us-tx</subfield></datafield><datafield ind1="0" ind2=" " tag="130"><subfield code="a">Evening tribune (El Paso, Tex. : 1889)</subfield></datafield><datafield ind1="1" ind2="4" tag="245"><subfield code="a">The evening tribune.</subfield></datafield><datafield ind1=" " ind2=" " tag="260"><subfield code="a">El Paso, Tex. :</subfield><subfield code="b">[E.P. Lowe]</subfield></datafield><datafield ind1=" " ind2=" " tag="300"><subfield code="a">v.</subfield></datafield><datafield ind1=" " ind2=" " tag="310"><subfield code="a">Daily (except Sunday)</subfield></datafield><datafield ind1=" " ind2=" " tag="588"><subfield code="a">Description based on: Vol. 4, no. 90 (Apr. 3, 1889); title from masthead.</subfield></datafield><datafield ind1=" " ind2=" " tag="588"><subfield code="a">Latest issue consulted: Vol. 6, no. 356 (Dec. 8, 1891)</subfield></datafield><datafield ind1=" " ind2="0" tag="651"><subfield code="a">El Paso (Tex.)</subfield><subfield code="v">Newspapers.</subfield></datafield><datafield ind1=" " ind2="0" tag="651"><subfield code="a">El Paso County (Tex.)</subfield><subfield code="v">Newspapers.</subfield></datafield><datafield ind1=" " ind2="7" tag="651"><subfield code="a">Texas</subfield><subfield code="z">El Paso.</subfield><subfield code="2">fast</subfield><subfield code="0">(OCoLC)fst01206678</subfield></datafield><datafield ind1=" " ind2="7" tag="651"><subfield code="a">Texas</subfield><subfield code="z">El Paso County.</subfield><subfield code="2">fast</subfield><subfield code="0">(OCoLC)fst01214066</subfield></datafield><datafield ind1=" " ind2="7" tag="655"><subfield code="a">Newspapers.</subfield><subfield code="2">fast</subfield><subfield code="0">(OCoLC)fst01423814</subfield></datafield><datafield ind1=" " ind2=" " tag="752"><subfield code="a">United States</subfield><subfield code="b">Texas</subfield><subfield code="c">El Paso</subfield><subfield code="d">El Paso.</subfield></datafield><datafield ind1="0" ind2="8" tag="776"><subfield code="i">Online version:</subfield><subfield code="t">Evening tribune (El Paso, Tex. : 1889)</subfield><subfield code="w">(OCoLC)744451847</subfield></datafield><datafield ind1="0" ind2="0" tag="780"><subfield code="t">El Paso evening inter-republics</subfield><subfield code="w">(DLC)sn 86088920</subfield><subfield code="w">(OCoLC)14201354</subfield></datafield><datafield ind1="0" ind2="0" tag="785"><subfield code="t">El Paso evening tribune (El Paso, Tex. : 1893)</subfield><subfield code="w">(DLC)sn 87055542</subfield><subfield code="w">(OCoLC)15524109</subfield></datafield><datafield ind1="1" ind2=" " tag="029"><subfield code="a">AU@</subfield><subfield code="b">000025826331</subfield></datafield></record>